@misc{
	RULES,
	Key = {RULES},
	Note = {\url{http://www.britishothello.org.uk/rules.html}},
	Title = {British Othello Federation}
}

@book{
	AI,
	Author = {Stuart Russell and Peter Norvig},
	Edition = {Third},
	Publisher = {Pearson},
	Title = {Artificial Intelligence: A Modern Approach},
	Year = {2009}
}

@mastersthesis{
	CHERRY,
	Author = {Kevin Anthony Charry},
	Title = {An Intelligent Othello Combining Machine Learning and Game Specific Heuristics},
	School = {Louisiana State University},
	Year = {2008}
}

@article{
	DEEPMIND,
	Author = {Demis Hassabis et al.},
	Title = {Mastering the game of Go without human knowledge},
	Journal = {Nature},
	Year = {2017}
}

@book{
	SUTTON,
	Author = {Richard S. Sutton and Andrew G. Barto},
	Edition = {Second},
	Publisher = {The MIT Press},
	Title = {Reinforcement Learning: An Introduction},
	Year = {2018}
}

